% @article{murray,
% title = "A Pre-pattern formation mechanism for animal coat markings",
% journal = "Journal of Theoretical Biology",
% volume = "88",
% number = "1",
% pages = "161 - 199",
% year = "1981",
% doi = "10.1016/0022-5193(81)90334-9",
% author = "Murray, J D",
% }

@article{Ptashnyk-2011,
  author    = {Mariya Ptashnyk and Tiina Roose and Davey L. Jones and Guy J.D. Kirk},
  journal   = {Plant, Cell {\&} Environment},
  title     = {Enhanced zinc uptake by rice through phytosiderophore secretion: a modelling study},
  year      = {2011},
  month     = {8},
  number    = {12},
  pages     = {2038--2046},
  volume    = {34},
  doi       = {10.1111/j.1365-3040.2011.02401.x},
  publisher = {Wiley},
}

@article{McKayFletcher-2019,
  author    = {McKay Fletcher, D M and Shaw, R and Sánchez-Rodríguez, A R and Daly, K R and van Veelen, A and Jones, D L and Roose, T},
  journal   = {Plant and Soil},
  title     = {Quantifying citrate-enhanced phosphate root uptake using
microdialysis},
  year      = {2019},
  month     = {},
  number    = {7},
  pages     = {},
  volume    = {70},
  doi       = {10.1007/s11104-019-04376-4}, 
  publisher = {},
}

@article{Ruiz-2020,
  author    = {Ruiz, S and Koebernick, N and duncan, S and McKay Fletcher, D and Scotson, C and Boghi, A},
  journal   = {Plant Soil},
  title     = {Significance of root hairs at the field scale – modelling root water and phosphorus uptake under different field conditions},
  year      = {2020},
  month     = {},
  number    = {7},
  pages     = {281-304},
  volume    = {70},
  doi       = {10.1007/s11104-019-04308-2}, 
  publisher = {},
}

@article{PURNOBASUKI20182012,
author = {Hery Purnobasuki and Tutik Nurhidayati and Sucipto Hariyanto and Nurul Jadid},
title = {Data of root anatomical responses to periodic waterlogging stress of tobacco (Nicotiana tabacum) varieties},
journal = {Data in Brief},
volume = {20},
pages = {2012-2016},
year = {2018},
% issn = {2352-3409},
doi = {https://doi.org/10.1016/j.dib.2018.09.046},
}

@article{giles_george,
author={Giles, Courtney D. and George, Timothy S. and Brown, Lawrie K. and Mezeli, Malika M. and Richardson, Alan E. and Shand, Charles A. and Wendler, Renate and Darch, Tegan and Menezes-Blackburn, Daniel and Cooper, Patricia et al.},
title={Does the combination of citrate and phytase exudation in Nicotiana tabacum promote the acquisition of endogenous soil organic phosphorus?}, 
volume={412},
doi={10.1007/s11104-016-2884-3}, 
number={1-2},
journal={Plant and Soil},
year={2016}, 
pages={43-59},
}

@book{fenics,
    title = {Solving PDEs in Python: The FEniCS Tutorial I},
    author = {Langtangen, Hans Petter and Logg, Anders},
    note = {ISBN 978-3-319-52462-7},
    series = {Simula SpringerBriefs on Computing},
    year = {2019},
    publisher = {Springer},
}
@Inbook{Reichardt2020,
`author="Reichardt, Klaus and Timm, Lu{\'i}s Carlos",
title="How Plants Absorb Nutrients from the Soil",
bookTitle="Soil, Plant and Atmosphere: Concepts, Processes and Applications",
year="2020",
publisher="Springer International Publishing",
pages="313--330",
isbn="978-3-030-19322-5",
doi="10.1007/978-3-030-19322-5_16",
}


@PhdThesis{Eisenhofer-2013,
  author = {Sabine Eisenhofer},
  school = {Technischen Universität München},
  title  = {A coupled system of ordinary and partial differential equations modeling the swelling of mitochondria},
  year   = {2013},
  month  = jan,
  type   = {phdthesis},
  url    = {https://mediatum.ub.tum.de/doc/1129376/1129376.pdf},
}

@Article{Horvath-1998,
  author    = {Zolt{\'{a}}n Horv{\'{a}}th},
  journal   = {Applied Numerical Mathematics},
  title     = {Positivity of {R}unge-{K}utta and diagonally split {R}unge-{K}utta methods},
  year      = {1998},
  month     = {10},
  number    = {2-4},
  pages     = {309--326},
  volume    = {28},
  doi       = {10.1016/s0168-9274(98)00050-6},
  publisher = {Elsevier {BV}},
}

@Article{Farrell-2019,
  author    = {P. E. Farrell and J. E. Hake and S. W. Funke and M. E. Rognes},
  journal   = {{SIAM} Journal on Scientific Computing},
  title     = {Automated {A}djoints of {C}oupled {PDE}-{ODE} {S}ystems},
  year      = {2019},
  month     = {1},
  number    = {3},
  pages     = {C219--C244},
  volume    = {41},
  doi       = {10.1137/17m1144532},
  publisher = {Society for Industrial {\&} Applied Mathematics ({SIAM})},
}

@Book{Pao-1993,
  author    = {C. V. Pao},
  publisher = {Springer {US}},
  title     = {Nonlinear {P}arabolic and {E}lliptic {E}quations},
  year      = {1993},
  doi       = {10.1007/978-1-4615-3034-3},
}

@Book{Sundnes-2006,
  author    = {Joakim Sundnes and Glenn Terje Lines and Xing Cai and Bjørn Fredrik Nielsen and Kent-Andre Mardal and Aslak Tveito},
  publisher = {Springer Berlin Heidelberg},
  title     = {Computing the {E}lectrical {A}ctivity in the {H}eart},
  year      = {2006},
  doi       = {10.1007/3-540-33437-8},
}

@Book{Schaeffer-2016,
  author    = {David G. Schaeffer and John W. Cain},
  publisher = {Springer New York},
  title     = {Ordinary {D}ifferential {E}quations: {B}asics and {B}eyond},
  year      = {2016},
  doi       = {10.1007/978-1-4939-6389-8},
}

@Book{Troltzsch-2010,
  author    = {Tr{\"{o}}ltzsch, Fredi},
  publisher = {American Mathematical Society},
  title     = {Optimal control of partial differential equations : theory, methods, and applications},
  year      = {2010},
  address   = {Providence, Rhode Island},
  isbn      = {9781470411749},
}

@Book{Ladyzenskaja-1968,
  author    = {O. A. Lady\v{z}enskaja and V. A. Solonnikov and N. N. Ural'ceva},
  publisher = {American Mathematical Society},
  title     = {Linear and {Q}uasi-{L}inear {E}quations of {P}arabolic {T}ype},
  year      = {1968},
  address   = {Providence},
  isbn      = {9781470444402},
  series    = {Translations of Mathematical Monographs},
  volume    = {23},
}

@Book{Evans-2010,
  author    = {Evans, Lawrence},
  publisher = {American Mathematical Society},
  title     = {Partial differential equations},
  year      = {2010},
  address   = {Providence, R.I},
  isbn      = {9780821849743},
}

@Article{Ptashnyk-2010,
  author    = {Mariya Ptashnyk and Tiina Roose},
  journal   = {{SIAM} Journal on Applied Mathematics},
  title     = {Derivation of a {M}acroscopic {M}odel for {T}ransport of {S}trongly {S}orbed {S}olutes in the {S}oil {U}sing {H}omogenization {T}heory},
  year      = {2010},
  month     = {1},
  number    = {7},
  pages     = {2097--2118},
  volume    = {70},
  doi       = {10.1137/080729591},
  publisher = {Society for Industrial {\&} Applied Mathematics ({SIAM})},
}

@Article{Marciniak-2010,
  author    = {Anna Marciniak-Czochra and Mariya Ptashnyk},
  journal   = {Mathematical Models and Methods in Applied Sciences},
  title     = {{B}oundedness of {S}olutions of a {H}aptotaxis {M}odel},
  year      = {2010},
  month     = {3},
  number    = {03},
  pages     = {449--476},
  volume    = {20},
  doi       = {10.1142/s0218202510004301},
  publisher = {World Scientific Pub Co Pte Lt},
}

@Article{Ptashnyk-2016,
  author    = {Mariya Ptashnyk and Brian Seguin},
  journal   = {{ESAIM}: Mathematical Modelling and Numerical Analysis},
  title     = {Homogenization of a system of elastic and reaction-diffusion equations modelling plant cell wall biomechanics},
  year      = {2016},
  month     = {3},
  number    = {2},
  pages     = {593--631},
  volume    = {50},
  doi       = {10.1051/m2an/2015073},
  publisher = {{EDP} Sciences},
}

@Article{Redlinger-1989,
  author    = {Reinhard Redlinger},
  journal   = {Archive for Rational Mechanics and Analysis},
  title     = {Invariant sets for strongly coupled reaction-diffusion systems under general boundary conditions},
  year      = {1989},
  number    = {4},
  pages     = {281--291},
  volume    = {108},
  doi       = {10.1007/bf01052975},
  publisher = {Springer Science and Business Media {LLC}},
}

@Article{Weinberger-1975,
  author  = {Hans F. Weinberger},
  journal = {Rendiconti di Matematica},
  title   = {Invariant sets for weakly coupled parabolic and elliptic systems},
  year    = {1975},
  number  = {6},
  pages   = {295--310},
  volume  = {8},
  url     = {http://citeseerx.ist.psu.edu/viewdoc/download?doi=10.1.1.297.8841&rep=rep1&type=pdf},
}

@Article{Aubin-1963,
  author  = {Jean-Pierre Aubin},
  journal = {Comptes Rendus Hebdomadaires des Séances de L'Académie des Sciences},
  title   = {Un théorème de compacité},
  year    = {1963},
  number  = {24},
  pages   = {5042--5044},
  volume  = {256},
  url     = {https://gallica.bnf.fr/ark:/12148/bpt6k4006n/f1164.item.r=.zoom#},
}

@Book{Zeidler-1998,
  author    = {Zeidler, Eberhard},
  publisher = {Springer New York},
  title     = {Nonlinear {F}unctional {A}nalysis and its {A}pplications {I}: {F}ixed-{P}oint {T}heorems},
  year      = {1998},
  isbn      = {0387909141},
  note      = {Translated by Wadsack, P.R.},
  date      = {1998-11-06},
  ean       = {9780387909141},
  pagetotal = {936},
}

@article{calicioglu_2019,
title={The Future Challenges of Food and Agriculture: An Integrated Analysis of Trends and Solutions},
volume={11},
DOI={10.3390/su11010222},
number={1},
journal={Sustainability},
author={Calicioglu, Ozgul and Flammini, Alessandro and Bracco, Stefania and Bellù, Lorenzo and Sims, Ralph},
year={2019},
pages={1},
}

@report{fact.mr_2021,
title={Zinc Sulphate Market, Forecast, Trend, Analysis \& Competition Tracking -Global Market Insights 2020 to 2030},
url={https://www.factmr.com/report/3663/zinc-sulphate-market},
institution={Fact.MR},
author={FACT.MR},
year={2021},
}


@article{xuan_2011,
title={Different crop rotation systems as drivers of change in soil bacterial community structure and yield of rice, Oryza sativa},
volume={48},
DOI={10.1007/s00374-011-0618-5},
number={2},
journal={Biology and Fertility of Soils},
author={Xuan, Do Thi and Guong, Vo Thi and Rosling, Anna and Alström, Sadhna and Chai, Benli and Högberg, Nils},
year={2011},
pages={217-225},
}

@article{vysotskaya_2016,
title={Effect of phosphorus starvation on hormone content and growth of barley plants},
volume={38},
DOI={10.1007/s11738-016-2127-5},
number={5},
journal={Acta Physiologiae Plantarum},
author={Vysotskaya, Lidiya B. and Trekozova, Arina W. and Kudoyarova, Guzel R.},
year={2016},
}

@inbook{PhosporusRecoveryandRecycling,
author = {Samreen, Sayma and Kausar, Sharba},
year = {2019},
month = {04},
title = {Phosphorus Fertilizer: The Original and Commercial Sources},
isbn = {978-1-83881-021-4},
doi = {10.5772/intechopen.82240}
}

@article{giles_richardson2018,
title={Phosphorus acquisition by citrate- and phytase-exudingNicotiana tabacumplant mixtures depends on soil phosphorus availability and root intermingling},
volume={163},
DOI={10.1111/ppl.12718},
number={3},
journal={Physiologia Plantarum},
author={Giles, Courtney D. and Richardson, Alan E. and Cade-Menun, Barbara J. and Mezeli, Malika M. and Brown, Lawrie K. and Menezes-Blackburn, Daniel and Darch, Tegan and Blackwell, Martin S.A. and Shand, Charles A. and Stutter, Marc I. et al.},
year={2018},
pages={356-371},
}

@misc{fertilizers,
url={https://www.fertilizerseurope.com/phosphorus-in-food-production/},
author={Fertilizers Europe},
year={2021},
}

@incollection{PALLARDY2008255,
title = {CHAPTER 10 - Mineral Nutrition},
editor = {Stephen G. Pallardy},
booktitle = {Physiology of Woody Plants (Third Edition)},
publisher = {Academic Press},
edition = {Third Edition},
address = {San Diego},
pages = {255-285},
year = {2008},
isbn = {978-0-12-088765-1},
doi = {https://doi.org/10.1016/B978-012088765-1.50011-7},
url = {https://www.sciencedirect.com/science/article/pii/B9780120887651500117},
author = {Stephen G. Pallardy},
}

@book{haberlandt1914,
  title={Physiological plant anatomy},
  author={Haberlandt, Gottlieb},
  year={1914},
  publisher={Macmillan and Company, limited}
}

@ARTICLE{10.3389/fpls.2019.00157,
AUTHOR={Canarini, Alberto and Kaiser, Christina and Merchant, Andrew and Richter, Andreas and Wanek, Wolfgang},   
TITLE={Root Exudation of Primary Metabolites: Mechanisms and Their Roles in Plant Responses to Environmental Stimuli},      
JOURNAL={Frontiers in Plant Science},      
VOLUME={10},      
PAGES={157},     
YEAR={2019},      
URL={https://www.frontiersin.org/article/10.3389/fpls.2019.00157},
DOI={10.3389/fpls.2019.00157},      
ISSN={1664-462X},   
}


@article{AlnaesBlechta2015a,
  title = {The FEniCS Project Version 1.5},
  author = {Martin S. Aln{\ae}s and Jan Blechta and Johan Hake and August Johansson and Benjamin Kehlet and Anders Logg and Chris Richardson and Johannes Ring and Marie E. Rognes and Garth N. Wells},
  year = {2015},
  journal = {Archive of Numerical Software},
  volume = {3},
  number = {100},
  doi = {10.11588/ans.2015.100.20553},
  page = {9-23},
}

@misc{Tim,
  author = "George, Tim and Ali,Karley",
  date = "2021-03-11",
  howpublished = "personal communication"
}